@ARTICLE{Yin2011,
    AUTHOR={Yin, M. and Zhang, J. and Sun, H. and Gu, W.},
    TITLE={Multi-cue-based CamShift guided particle filter tracking},
    JOURNAL={Expert Systems with Applications},
    YEAR={2011},
    VOLUME={38},
    PAGES={6313-6318},
}
